@article{badran,
  title={{Characterising Interstellar Dust with Herschel-SPIRE: Evaluation of a super-resolution technique for high signal to noise SPIRE maps}},
  author={Badran},
  year={2015}
}
